<record xmlns="http://www.loc.gov/MARC21/slim" xmlns:xsi="http://www.w3.org/2001/XMLSchema-instance" xsi:schemaLocation="http://www.loc.gov/MARC21/slim http://www.loc.gov/standards/marcxml/schema/MARC21slim.xsd"><leader>01655nam a2200385   4500</leader><controlfield tag="001">1685921</controlfield><controlfield tag="003">NIC</controlfield><controlfield tag="006">m        d        </controlfield><controlfield tag="007">cr cn |||m|||a</controlfield><controlfield tag="008">150223s1955    ua      o     000 0 arard</controlfield><datafield ind1=" " ind2=" " tag="040"><subfield code="a">NNU</subfield><subfield code="b">eng</subfield><subfield code="e">rda</subfield><subfield code="c">NNU</subfield></datafield><datafield ind1=" " ind2="4" tag="050"><subfield code="a">PJ7864.A5</subfield><subfield code="b">T38 1955</subfield></datafield><datafield ind1="1" ind2=" " tag="100"><subfield code="6">880-01</subfield><subfield code="a">Taymu&#772;r, Mah&#803;mu&#772;d,</subfield><subfield code="d">1894-1973.</subfield></datafield><datafield ind1="1" ind2="0" tag="245"><subfield code="6">880-02</subfield><subfield code="a">Tha&#772;&#700;iru&#772;n /</subfield><subfield code="c">ta&#700;li&#772;f Mah&#803;mu&#772;d Taymu&#772;r.</subfield></datafield><datafield ind1=" " ind2=" " tag="260"><subfield code="6">880-03</subfield><subfield code="a">al-Qa&#772;hirah :</subfield><subfield code="b">Da&#772;r al-Hila&#772;l,</subfield><subfield code="c">1955.</subfield></datafield><datafield ind1=" " ind2=" " tag="300"><subfield code="a">online resource (225 pages)</subfield></datafield><datafield ind1=" " ind2=" " tag="336"><subfield code="a">text</subfield><subfield code="2">rdacontent</subfield></datafield><datafield ind1=" " ind2=" " tag="337"><subfield code="a">computer</subfield><subfield code="2">rdamedia</subfield></datafield><datafield ind1=" " ind2=" " tag="338"><subfield code="a">online resource</subfield><subfield code="2">rdacarrier</subfield></datafield><datafield ind1="1" ind2=" " tag="490"><subfield code="6">880-04</subfield><subfield code="a">Kita&#772;b al-Hila&#772;l ;</subfield><subfield code="v">46</subfield></datafield><datafield ind1=" " ind2=" " tag="500"><subfield code="a">Short stories.</subfield></datafield><datafield ind1=" " ind2=" " tag="500"><subfield code="a">Part of the Arabic Collections Online (ACO) project, contributed by Cornell University Libraries.</subfield></datafield><datafield ind1=" " ind2=" " tag="533"><subfield code="a">Electronic reproduction.</subfield><subfield code="b">New York, N.Y. :</subfield><subfield code="c">New York University,</subfield><subfield code="d">2015.</subfield><subfield code="5">NNU</subfield></datafield><datafield ind1="2" ind2=" " tag="710"><subfield code="a">Cornell University.</subfield><subfield code="b">Libraries.</subfield></datafield><datafield ind1="0" ind2=" " tag="730"><subfield code="a">Arabic Collections Online.</subfield></datafield><datafield ind1="0" ind2="8" tag="776"><subfield code="i">Print version:</subfield><subfield code="a">Taymu&#772;r, Mah&#803;mu&#772;d, 1894-1973.</subfield><subfield code="t">Tha&#772;&#700;iru&#772;n</subfield><subfield code="w">(NIC)1685921</subfield><subfield code="w">(OCoLC)15565269</subfield></datafield><datafield ind1=" " ind2="0" tag="830"><subfield code="6">880-05</subfield><subfield code="a">Kita&#772;b al-Hila&#772;l ;</subfield><subfield code="v">46</subfield></datafield><datafield ind1="4" ind2="0" tag="856"><subfield code="u">http://hdl.handle.net/2333.1/b5mkkzqp</subfield></datafield><datafield ind1="1" ind2=" " tag="880"><subfield code="6">100-01/r</subfield><subfield code="a">&#1578;&#1610;&#1605;&#1608;&#1585;&#1548; &#1605;&#1581;&#1605;&#1608;&#1583;&#1548;</subfield><subfield code="d">1894-1973.</subfield></datafield><datafield ind1="1" ind2="0" tag="880"><subfield code="6">245-02/r</subfield><subfield code="a">&#1579;&#1575;&#1574;&#1585;&#1608;&#1606; /</subfield><subfield code="c">&#1605;&#1581;&#1605;&#1608;&#1583; &#1578;&#1610;&#1605;&#1608;&#1585;.</subfield></datafield><datafield ind1=" " ind2=" " tag="880"><subfield code="6">260-03/r</subfield><subfield code="a">&#1575;&#1604;&#1602;&#1575;&#1607;&#1585;&#1577; :</subfield><subfield code="b">&#1583;&#1575;&#1585; &#1575;&#1604;&#1607;&#1604;&#1575;&#1604;&#1548;</subfield><subfield code="c">&#1633;&#1641;&#1637;&#1637;.</subfield></datafield><datafield ind1="1" ind2=" " tag="880"><subfield code="6">490-04/r</subfield><subfield code="a">&#1603;&#1578;&#1575;&#1576; &#1575;&#1604;&#1607;&#1604;&#1575;&#1604; &#1563;</subfield><subfield code="v">&#1575;&#1604;&#1593;&#1583;&#1583; &#1636;&#1638;</subfield></datafield><datafield ind1=" " ind2="0" tag="880"><subfield code="6">830-05/r</subfield><subfield code="a">&#1603;&#1578;&#1575;&#1576; &#1575;&#1604;&#1607;&#1604;&#1575;&#1604; &#1563;</subfield><subfield code="v">&#1575;&#1604;&#1593;&#1583;&#1583; &#1636;&#1638;.</subfield></datafield><datafield ind1=" " ind2=" " tag="959"><subfield code="a">NNU</subfield><subfield code="b">WEB</subfield><subfield code="c">GENI</subfield><subfield code="t">0</subfield><subfield code="m">Electronic access</subfield><subfield code="s">01</subfield></datafield><datafield ind1=" " ind2=" " tag="999"><subfield code="i">NIC_1685921</subfield><subfield code="o">(OCoLC)ocm15565269</subfield><subfield code="s">cornell_aco000032</subfield></datafield></record>